%  10. Tài liệu tham khảo
%%%%%%%%%%%%%%%%%%%%%%%%%%%%%%
https://hoadondientu.gdt.gov.vn
https://helpsme.misa.vn/2020/kb/quan-ly-hoa-don-dien-tu
https://ddd-practitioners.com/home/glossary
https://www.infoq.com/minibooks/domain-driven-design-quickly
https://authorization-service-api.web.cern.ch/swagger/index.html
%%%%%%%%%%%%%%%%%%%%%%%%%%%%%%
https://viblo.asia/p/microservices-architecture-oOVlYkkyK8W
https://viblo.asia/p/domain-driven-design-phan-1-mrDGMOExkzL
https://viblo.asia/p/domain-driven-design-phan-2-MgNeWoZAeYx
https://viblo.asia/p/clean-architecture-MdZkAQpRkox
%%%%%%%%%%%%%%%%%%%%%%%%%%%%%%
https://culttt.com/search
https://culttt.com/2014/04/09/use-exception
https://culttt.com/2014/08/18/encapsulating-applications-business-rules

https://culttt.com/2014/09/29/creating-domain-services

https://culttt.com/2014/12/08/creating-domain-objects-recap

https://culttt.com/2014/12/17/aggregates-domain-driven-design

https://culttt.com/2014/12/24/factories-domain-driven-design

https://culttt.com/2014/12/29/enforcing-business-rules-aggregate-instantiation

https://culttt.com/2014/04/30/difference-entities-value-objects

https://culttt.com/2015/01/05/using-aggregates-gateway-functionality

https://culttt.com/2015/01/07/service-oriented-architecture

https://culttt.com/2015/01/14/command-query-responsibility-segregation-cqrs

https://culttt.com/2015/11/11/what-is-active-model



 

<!--Căn cứ pháp lý-->

<!--Thông tư 78/2021/TT-BTC-->

<!--Nghị định 123/2020/NĐ-CP-->

<!--Thông tư 78/2021/TT-BTC-->

Thông tư 32/2011/TT-BTC: https: //thuvienphapluat.vn/van-ban/Thue-Phi-Le-Phi/Thong-tu-32-2011-TT-BTC-huong-dan-ve-khoi-tao-phat-hanh-su-dung-hoa-don-dien-tu-120233.aspx

<!--https: //vanban.chinhphu.vn/default.aspx? pageid=27160&docid=99887-->

Thông tư 78/2021/TT-BTC: https: //thuvienphapluat.vn/van-ban/Tai-chinh-nha-nuoc/Thong-tu-78-2022-TT-BTC-du-toan-ngan-sach-Nha-nuoc-2023-547888.aspx

<!--https: //vanban.chinhphu.vn/default.aspx? pageid=27160&docid=204200-->

Nghị định 123/2020/NĐ-CP: https: //thuvienphapluat.vn/van-ban/Ke-toan-Kiem-toan/Nghi-dinh-123-2020-ND-CP-quy-dinh-hoa-don-chung-tu-445980.aspx

<!--https: //vanban.chinhphu.vn/? pageid=27160&docid=201365-->

<!--https: //hoadondientu.gdt.gov.vn-->

<!--https: //en.wikipedia.org/wiki/kiến trúc vi dịch vụ-->

<!--https: //en.wikipedia.org/wiki/Domain-driven_design-->

<!--https: //kiến trúc vi dịch vụ.io-->

<!--2. Richardson, C. (2018). _kiến trúc vi dịch vụ Patterns: With Examples in Java._ O'Reilly Media.-->

<!--https: //refactoring.guru/design-mẫu/catalog-->

<!--“thiết kế hướng miền: Tackling Complexity in the Heart of Software”, nhà xuất bản AddisonWesley, ISBN: 0-321-12521-5.-->

<!--1. Evans, E. (2003). _thiết kế hướng miền: Tackling Complexity in the Heart of Software._ Addison-Wesley.-->

<!--https: //learn.microsoft.com/en-us/archive/msdn-magazine/2009/february/best-practice-an-introduction-to-domain-driven-design-->

<!--https: //learn.microsoft.com/en-us/dotnet/architecture/kiến trúc vi dịch vụ/kiến trúc vi dịch vụ- thiết kế hướng miền -cqrs-mẫu/ thiết kế hướng miền -oriented-kiến trúc vi dịch vụ-->

<!--3. Newman, S. (2015). _Building kiến trúc vi dịch vụ: Designing Fine-Grained Systems._ O'Reilly Media.-->

<!--https: //github.com/GoogleCloudPlatform/kiến trúc vi dịch vụ-demo-->

<!--https: //www.uml-diagrams.org-->

<!--https: //www.udemy.com/course/domain-driven-design-and-kiến trúc vi dịch vụ-->

https: //viblo.asia/p/tim-hieu-ve-kiến trúc vi dịch vụ-phan-1-kiến trúc vi dịch vụ-la-gi-63vKjVjyK2R

https: //viblo.asia/p/domain-driven-design-phan-1-mrDGMOExkzL

https: //en.wikipedia.org/wiki/Business_Model_Canvas
